@inproceedings{Lucas1976,
	author = "Robert E. Lucas",
	title = "Econometric Policy Evaluation: A Critique",
	Booktitle = "The {Phillips} Curve and Labor Markets",
	Editor = "K. Brunner and Alan Meltzer",
	Series = "Carnegie-{Rochester} Conference Series on Public Policy",
	Volume = 1,
	address = "Amsterdam",
	publisher = "North-Holland",
	Year = 1976}

@book{Morgan-Winship-counterfactuals-2nd,
	author = "Stephen L. Morgan and Christopher Winship",
	title = "Counterfactuals and Causal Inference: Methods and Principles for Social Research",
	edition = "Second",
	address = "Cambridge, England",
	publisher = "Cambridge University Press",
	year = 2015}

@book{Spirtes-Glymour-Scheines-1st,
	author = "Peter Spirtes and Clark Glymour and Richard Scheines",
	title = "Causation, Prediction, and Search",
	edition = "1st",
	address = "Berlin",
	publisher = "Springer-Verlag",
	year = 1993}

@book{Pearl-causality,
	author = "Judea Pearl",
	title = "Causality: Models, Reasoning, and Inference",
	address = "Cambridge, England",
	publisher = "Cambridge University Press",
	year = 2000}

@article{Geisser-Eddy-predictive-approach,
	author = "Seymour Geisser and William F. Eddy",
	title = "A Predictive Approach to Model Selection",
	journal = "Journal of the American Statistical Association",
	volume = 74,
	year = 1979,
	pages = "153--160",
	doi = "10.1080/01621459.1979.10481632"}

@article{Geisser-predictive-sample-reuse,
	author = "Seymour Geisser",
	title = "The Predictive Sample Reuse Method with Applications",
	journal = "Journal of the American Statistical Association",
	volume = 70,
	year = 1975,
	pages = "320--328",
	doi = "10.1080/01621459.1975.10479865"}

@article{Stone1974,
	author = "M. Stone",
	title = "Cross-validatory choice and assessment of statistical predictions",
	journal = "Journal of the Royal Statistical Society {B}",
	volume = 36,
	year = 1974,
	pages = "111--147",
	url = "http://www.jstor.org/stable/2984809"}

@book{tEoSL-2nd,
	author = "Trevor Hastie and Robert Tibshirani and Jerome Friedman",
	title = "The Elements of Statistical Learning: Data Mining, Inference, and Prediction",
	edition = "Second",
	address = "Berlin",
	publisher = "Springer",
	year = 2009,
	url = "http://www-stat.stanford.edu/~tibs/ElemStatLearn/"}

@techreport{Edge-Gurkaynak-on-dsges,
	author = "Rochelle M. Edge and Refet S. Gurkaynak",
	title = "How Useful are Estimated {DSGE} Model Forecasts?",
	institution = "Federal Reserve Board  Discussion Papers",
	number = "2011-11",
	year = 2011,
	url = "http://ssrn.com/abstract=1810075"}

@book{DeJongDave2007,
	Address = {Princeton},
	Author = {DeJong, D.N. and Dave, C.},
	Edition = {2},
        address = "Princeton, New Jersey",
	Publisher = {Princeton University Press},
	Title = {Structural macroeconometrics},
	Year = {2011}}

@techreport{Iskrev2009,
	Author = {Nikolay Iskrev},
	Institution = {Banco de Portugal},
	Month = {August},
	Title = {Local Identification in {DSGE} Models},
	Year = {2009}}

@article{SmetsWouters2007,
	Author = {Frank Smets and Rafael Wouters},
	Journal = {American Economic Review},
	Month = {June},
	Number = {3},
	Pages = {586--606},
	Title = {Shocks and Frictions in {US} Business Cycles: {A Bayesian DSGE} Approach},
	Volume = {97},
	Year = {2007}}

@article{Sims2002,
	Author = {Christopher A. Sims},
	Journal = {Computational Economics},
	Month = {October},
	Number = {1-2},
	Pages = {1--20},
	Title = {Solving Linear Rational Expectations Models},
	Volume = {20},
	Year = {2002}}

@article{Klein2000,
	Author = {Klein, Paul},
	Journal = {Journal of Economic Dynamics and Control},
	Number = {10},
	Pages = {1405--1423},
	Title = {Using the generalized Schur form to solve a multivariate linear rational expectations model},
	Volume = {24},
	Year = {2000}}

@article{KydlandPrescott1982,
	Author = {Finn E. Kydland and Edward C. Prescott},
	Journal = {Econometrica},
	Month = {November},
	Number = {6},
	Pages = {1345-1370},
	Title = {Time to Build and Aggregate Fluctuations},
	Volume = {50},
	Year = {1982}}

@article{BlanchardKahn1980,
	Author = {Blanchard, Olivier Jean and Kahn, Charles M},
	Journal = {Econometrica: Journal of the Econometric Society},
	Pages = {1305--1311},
	Title = {The solution of linear difference models under rational expectations},
	Year = {1980}}

@article{Kalman1960,
	Author = {Rudolf E. Kalman},
	Journal = {Journal of Basic Engineering},
	Number = {1},
	Pages = {35--45},
	Title = {A New Approach to Linear Filtering and Prediction Problems},
	Volume = {82},
	Year = {1960}}
